<record><leader>00000cas a2200000 a 4500</leader><controlfield tag="001">18886876</controlfield><controlfield tag="008">881212d18971970nyuwr ne      0    0eng c</controlfield><datafield ind1=" " ind2=" " tag="010"><subfield code="a">sn 88075830 </subfield></datafield><datafield ind1=" " ind2=" " tag="040"><subfield code="a">NYG</subfield><subfield code="b">eng</subfield><subfield code="c">NYG</subfield><subfield code="d">NYS</subfield><subfield code="d">OCLCQ</subfield><subfield code="d">OCLCF</subfield><subfield code="d">OCLCO</subfield></datafield><datafield ind1="1" ind2=" " tag="029"><subfield code="a">AU@</subfield><subfield code="b">000020538705</subfield></datafield><datafield ind1=" " ind2=" " tag="042"><subfield code="a">pcc</subfield></datafield><datafield ind1=" " ind2=" " tag="043"><subfield code="a">n-us-ny</subfield></datafield><datafield ind1="0" ind2=" " tag="130"><subfield code="a">Hastings news (Hastings on Hudson, N.Y.)</subfield></datafield><datafield ind1="1" ind2="4" tag="245"><subfield code="a">The Hastings news.</subfield></datafield><datafield ind1=" " ind2=" " tag="260"><subfield code="a">Hastings-on-Hudson, N.Y. :</subfield><subfield code="b">Hastings Print. &amp; Pub.,</subfield><subfield code="c">1897-1970.</subfield></datafield><datafield ind1=" " ind2=" " tag="300"><subfield code="a">v. :</subfield><subfield code="b">ill. ;</subfield><subfield code="c">43-59 cm.</subfield></datafield><datafield ind1=" " ind2=" " tag="310"><subfield code="a">Weekly</subfield></datafield><datafield ind1="1" ind2=" " tag="362"><subfield code="a">Began in 1897; ceased in 1970.</subfield></datafield><datafield ind1=" " ind2=" " tag="500"><subfield code="a">"Local news for home use," 1930.</subfield></datafield><datafield ind1=" " ind2=" " tag="500"><subfield code="a">"All the News when it's new," 1923.</subfield></datafield><datafield ind1=" " ind2=" " tag="500"><subfield code="a">Editor: Burton T. Bliss, &lt;1933-&gt;</subfield></datafield><datafield ind1="4" ind2=" " tag="510"><subfield code="a">Hufeland, Otto. A checklist of books, maps, pictures,</subfield><subfield code="c">754</subfield></datafield><datafield ind1="4" ind2=" " tag="510"><subfield code="a">Gregory, Winifred. American newspapers 1821-1936,</subfield><subfield code="c">453</subfield></datafield><datafield ind1=" " ind2=" " tag="530"><subfield code="a">Available on microfilm from Syracuse Microfilm Co., Inc.</subfield></datafield><datafield ind1=" " ind2=" " tag="588"><subfield code="a">Description based on: Vol. 23, no. 3 (July 9, 1920).</subfield></datafield><datafield ind1=" " ind2="0" tag="651"><subfield code="a">Hastings on Hudson (N.Y.)</subfield><subfield code="v">Newspapers.</subfield></datafield><datafield ind1=" " ind2="0" tag="651"><subfield code="a">Westchester County (N.Y.)</subfield><subfield code="v">Newspapers.</subfield></datafield><datafield ind1=" " ind2="7" tag="655"><subfield code="a">Newspapers.</subfield><subfield code="2">fast</subfield><subfield code="0">(OCoLC)fst01423814</subfield></datafield><datafield ind1=" " ind2="7" tag="651"><subfield code="a">New York (State)</subfield><subfield code="z">Hastings on Hudson.</subfield><subfield code="2">fast</subfield><subfield code="0">(OCoLC)fst01218572</subfield></datafield><datafield ind1=" " ind2="7" tag="651"><subfield code="a">New York (State)</subfield><subfield code="z">Westchester County.</subfield><subfield code="2">fast</subfield><subfield code="0">(OCoLC)fst01202684</subfield></datafield><datafield ind1=" " ind2=" " tag="752"><subfield code="a">United States</subfield><subfield code="b">New York</subfield><subfield code="c">Westchester</subfield><subfield code="d">Hastings on Hudson.</subfield></datafield></record>